@article{Albertsson:2018maf,
      author         = "Albertsson, Kim and others",
      title          = "{Machine Learning in High Energy Physics Community White
                        Paper}",
      year           = "2018",
      eprint         = "1807.02876",
      archivePrefix  = "arXiv",
      primaryClass   = "physics.comp-ph",
      reportNumber   = "FERMILAB-PUB-18-318-CD-DI-PPD",
      SLACcitation   = "%%CITATION = ARXIV:1807.02876;%%"
}

@article{Guest:2018yhq,
      author         = "Guest, Dan and Cranmer, Kyle and Whiteson, Daniel",
      title          = "{Deep Learning and its Application to LHC Physics}",
      year           = "2018",
      eprint         = "1806.11484",
      archivePrefix  = "arXiv",
      primaryClass   = "hep-ex",
      SLACcitation   = "%%CITATION = ARXIV:1806.11484;%%"
}

@article{Radovic:2018dip,
      author         = "Radovic, Alexander and Williams, Mike and Rousseau, David
                        and Kagan, Michael and Bonacorsi, Daniele and Himmel,
                        Alexander and Aurisano, Adam and Terao, Kazuhiro and
                        Wongjirad, Taritree",
      title          = "{Machine learning at the energy and intensity frontiers
                        of particle physics}",
      journal        = "Nature",
      volume         = "560",
      year           = "2018",
      number         = "7716",
      pages          = "41-48",
      doi            = "10.1038/s41586-018-0361-2",
      SLACcitation   = "%%CITATION = NATUA,560,41;%%"
}



%% This BibTeX bibliography file was created using BibDesk.
%% http://bibdesk.sourceforge.net/

%% Created for Ian Moult at 2018-07-07 19:34:09 -0700 


%% Saved with string encoding Unicode (UTF-8) 



@article{Armoni:2006ux,
	Archiveprefix = {arXiv},
	Author = {Armoni, Adi},
	Date-Added = {2018-07-08 02:33:58 +0000},
	Date-Modified = {2018-07-08 02:33:58 +0000},
	Doi = {10.1088/1126-6708/2006/11/009},
	Eprint = {hep-th/0608026},
	Journal = {JHEP},
	Pages = {009},
	Primaryclass = {hep-th},
	Reportnumber = {SWAT-06-500},
	Slaccitation = {%%CITATION = HEP-TH/0608026;%%},
	Title = {{Anomalous Dimensions from a Spinning D5-Brane}},
	Volume = {11},
	Year = {2006},
	Bdsk-Url-1 = {http://dx.doi.org/10.1088/1126-6708/2006/11/009}}

@article{Grozin:2017css,
	Archiveprefix = {arXiv},
	Author = {Grozin, Andrey and Henn, Johannes and Stahlhofen, Maximilian},
	Date-Added = {2018-07-08 02:33:30 +0000},
	Date-Modified = {2018-07-08 02:33:30 +0000},
	Doi = {10.1007/JHEP10(2017)052},
	Eprint = {1708.01221},
	Journal = {JHEP},
	Pages = {052},
	Primaryclass = {hep-ph},
	Reportnumber = {MITP-17-050},
	Slaccitation = {%%CITATION = ARXIV:1708.01221;%%},
	Title = {{On the Casimir scaling violation in the cusp anomalous dimension at small angle}},
	Volume = {10},
	Year = {2017},
	Bdsk-Url-1 = {http://dx.doi.org/10.1007/JHEP10(2017)052}}

@article{Moch:2017uml,
	Archiveprefix = {arXiv},
	Author = {Moch, S. and Ruijl, B. and Ueda, T. and Vermaseren, J. A. M. and Vogt, A.},
	Date-Added = {2018-07-08 02:33:22 +0000},
	Date-Modified = {2018-07-08 02:33:22 +0000},
	Doi = {10.1007/JHEP10(2017)041},
	Eprint = {1707.08315},
	Journal = {JHEP},
	Pages = {041},
	Primaryclass = {hep-ph},
	Reportnumber = {DESY-17-106, NIKHEF-2017-034, LTH-1139},
	Slaccitation = {%%CITATION = ARXIV:1707.08315;%%},
	Title = {{Four-Loop Non-Singlet Splitting Functions in the Planar Limit and Beyond}},
	Volume = {10},
	Year = {2017},
	Bdsk-Url-1 = {http://dx.doi.org/10.1007/JHEP10(2017)041}}

@article{Boels:2017skl,
	Archiveprefix = {arXiv},
	Author = {Boels, Rutger H. and Huber, Tobias and Yang, Gang},
	Date-Added = {2018-07-08 02:32:38 +0000},
	Date-Modified = {2018-07-08 02:32:38 +0000},
	Doi = {10.1103/PhysRevLett.119.201601},
	Eprint = {1705.03444},
	Journal = {Phys. Rev. Lett.},
	Number = {20},
	Pages = {201601},
	Primaryclass = {hep-th},
	Reportnumber = {SI-HEP-2017-10},
	Slaccitation = {%%CITATION = ARXIV:1705.03444;%%},
	Title = {{Four-Loop Nonplanar Cusp Anomalous Dimension in N=4 Supersymmetric Yang-Mills Theory}},
	Volume = {119},
	Year = {2017},
	Bdsk-Url-1 = {http://dx.doi.org/10.1103/PhysRevLett.119.201601}}

@article{Boughezal:2018mvf,
	Archiveprefix = {arXiv},
	Author = {Boughezal, Radja and Isgr{\`o}, Andrea and Petriello, Frank},
	Date-Added = {2018-07-08 02:13:04 +0000},
	Date-Modified = {2018-07-08 02:13:04 +0000},
	Eprint = {1802.00456},
	Primaryclass = {hep-ph},
	Slaccitation = {%%CITATION = ARXIV:1802.00456;%%},
	Title = {{Next-to-leading-logarithmic power corrections for $N$-jettiness subtraction in color-singlet production}},
	Year = {2018}}

@article{Boughezal:2016zws,
	Archiveprefix = {arXiv},
	Author = {Boughezal, Radja and Liu, Xiaohui and Petriello, Frank},
	Date-Added = {2018-07-08 02:12:59 +0000},
	Date-Modified = {2018-07-08 02:12:59 +0000},
	Eprint = {1612.02911},
	Primaryclass = {hep-ph},
	Slaccitation = {%%CITATION = ARXIV:1612.02911;%%},
	Title = {{Power Corrections in the N-jettiness Subtraction Scheme}},
	Year = {2016}}

@article{Moult:2018jjd,
	Archiveprefix = {arXiv},
	Author = {Moult, Ian and Stewart, Iain W. and Vita, Gherardo and Zhu, Hua Xing},
	Date-Added = {2018-07-08 02:12:45 +0000},
	Date-Modified = {2018-07-08 02:12:45 +0000},
	Eprint = {1804.04665},
	Primaryclass = {hep-ph},
	Reportnumber = {MIT-CTP 4978, MIT-CTP-4978},
	Slaccitation = {%%CITATION = ARXIV:1804.04665;%%},
	Title = {{First Subleading Power Resummation for Event Shapes}},
	Year = {2018}}

@article{Moult:2017jsg,
	Archiveprefix = {arXiv},
	Author = {Moult, Ian and Rothen, Lorena and Stewart, Iain W. and Tackmann, Frank J. and Zhu, Hua Xing},
	Date-Added = {2018-07-08 02:12:42 +0000},
	Date-Modified = {2018-07-08 02:12:42 +0000},
	Eprint = {1710.03227},
	Primaryclass = {hep-ph},
	Reportnumber = {MIT-CTP-4939, DESY-17-128},
	Slaccitation = {%%CITATION = ARXIV:1710.03227;%%},
	Title = {{N-Jettiness Subtractions for $gg\to H$ at Subleading Power}},
	Year = {2017}}

@article{Moult:2016fqy,
	Archiveprefix = {arXiv},
	Author = {Moult, Ian and Rothen, Lorena and Stewart, Iain W. and Tackmann, Frank J. and Zhu, Hua Xing},
	Date-Added = {2018-07-08 02:12:38 +0000},
	Date-Modified = {2018-07-08 02:12:38 +0000},
	Eprint = {1612.00450},
	Primaryclass = {hep-ph},
	Reportnumber = {MIT-CTP-4855, DESY-16-229},
	Slaccitation = {%%CITATION = ARXIV:1612.00450;%%},
	Title = {{Subleading Power Corrections for N-Jettiness Subtractions}},
	Year = {2016}}

@article{Larkoski:2014zma,
	Archiveprefix = {arXiv},
	Author = {Larkoski, Andrew J. and Moult, Ian and Neill, Duff},
	Date-Added = {2018-07-08 02:11:19 +0000},
	Date-Modified = {2018-07-08 02:11:19 +0000},
	Doi = {10.1103/PhysRevD.91.034035},
	Eprint = {1411.0665},
	Journal = {Phys.Rev.},
	Number = {3},
	Pages = {034035},
	Primaryclass = {hep-ph},
	Reportnumber = {MIT-CTP-4595},
	Slaccitation = {%%CITATION = ARXIV:1411.0665;%%},
	Title = {{Building a Better Boosted Top Tagger}},
	Volume = {D91},
	Year = {2015},
	Bdsk-Url-1 = {http://dx.doi.org/10.1103/PhysRevD.91.034035}}

@article{Frye:2017yrw,
	Archiveprefix = {arXiv},
	Author = {Frye, Christopher and Larkoski, Andrew J. and Thaler, Jesse and Zhou, Kevin},
	Date-Added = {2018-07-07 23:00:21 +0000},
	Date-Modified = {2018-07-07 23:00:21 +0000},
	Doi = {10.1007/JHEP09(2017)083},
	Eprint = {1704.06266},
	Journal = {JHEP},
	Pages = {083},
	Primaryclass = {hep-ph},
	Reportnumber = {MIT-CTP-4987, MIT--CTP-4987},
	Slaccitation = {%%CITATION = ARXIV:1704.06266;%%},
	Title = {{Casimir Meets Poisson: Improved Quark/Gluon Discrimination with Counting Observables}},
	Volume = {09},
	Year = {2017},
	Bdsk-Url-1 = {http://dx.doi.org/10.1007/JHEP09(2017)083}}

@article{Larkoski:2015kga,
	Archiveprefix = {arXiv},
	Author = {Larkoski, Andrew J. and Moult, Ian and Neill, Duff},
	Date-Added = {2018-07-07 22:07:23 +0000},
	Date-Modified = {2018-07-07 22:07:23 +0000},
	Doi = {10.1007/JHEP05(2016)117},
	Eprint = {1507.03018},
	Journal = {JHEP},
	Pages = {117},
	Primaryclass = {hep-ph},
	Reportnumber = {MIT-CTP-4681},
	Slaccitation = {%%CITATION = ARXIV:1507.03018;%%},
	Title = {{Analytic Boosted Boson Discrimination}},
	Volume = {05},
	Year = {2016},
	Bdsk-Url-1 = {http://dx.doi.org/10.1007/JHEP05(2016)117}}

@article{Larkoski:2017cqq,
	Archiveprefix = {arXiv},
	Author = {Larkoski, Andrew J. and Moult, Ian and Neill, Duff},
	Date-Added = {2018-07-07 22:07:15 +0000},
	Date-Modified = {2018-07-07 22:07:15 +0000},
	Eprint = {1710.00014},
	Primaryclass = {hep-ph},
	Slaccitation = {%%CITATION = ARXIV:1710.00014;%%},
	Title = {{Factorization and Resummation for Groomed Multi-Prong Jet Shapes}},
	Year = {2017}}

@article{Moult:2016cvt,
	Archiveprefix = {arXiv},
	Author = {Moult, Ian and Necib, Lina and Thaler, Jesse},
	Date-Added = {2018-07-07 22:07:10 +0000},
	Date-Modified = {2018-07-07 22:07:10 +0000},
	Eprint = {1609.07483},
	Primaryclass = {hep-ph},
	Reportnumber = {MIT-CTP-4825},
	Slaccitation = {%%CITATION = ARXIV:1609.07483;%%},
	Title = {{New Angles on Energy Correlation Functions}},
	Year = {2016}}

@article{Altarelli:1977zs,
	Author = {Altarelli, Guido and Parisi, G.},
	Date-Added = {2018-07-07 21:37:37 +0000},
	Date-Modified = {2018-07-07 21:37:37 +0000},
	Doi = {10.1016/0550-3213(77)90384-4},
	Journal = {Nucl. Phys.},
	Pages = {298-318},
	Reportnumber = {LPTENS-77-6},
	Slaccitation = {%%CITATION = NUPHA,B126,298;%%},
	Title = {{Asymptotic Freedom in Parton Language}},
	Volume = {B126},
	Year = {1977},
	Bdsk-Url-1 = {http://dx.doi.org/10.1016/0550-3213(77)90384-4}}

@article{DelDuca:1990gz,
	Author = {Del Duca, Vittorio},
	Date-Added = {2018-07-07 21:06:48 +0000},
	Date-Modified = {2018-07-07 21:06:48 +0000},
	Doi = {10.1016/0550-3213(90)90392-Q},
	Journal = {Nucl. Phys.},
	Pages = {369-388},
	Reportnumber = {ITP-SB-89-83},
	Slaccitation = {%%CITATION = NUPHA,B345,369;%%},
	Title = {{High-energy Bremsstrahlung Theorems for Soft Photons}},
	Volume = {B345},
	Year = {1990},
	Bdsk-Url-1 = {http://dx.doi.org/10.1016/0550-3213(90)90392-Q}}

@article{Beccaria:2007bb,
	Archiveprefix = {arXiv},
	Author = {Beccaria, M. and Dokshitzer, {\relax Yu}. L. and Marchesini, G.},
	Date-Added = {2018-07-07 20:49:34 +0000},
	Date-Modified = {2018-07-07 20:49:34 +0000},
	Doi = {10.1016/j.physletb.2007.07.016},
	Eprint = {0705.2639},
	Journal = {Phys. Lett.},
	Pages = {194-202},
	Primaryclass = {hep-th},
	Slaccitation = {%%CITATION = ARXIV:0705.2639;%%},
	Title = {{Twist 3 of the sl(2) sector of N=4 SYM and reciprocity respecting evolution}},
	Volume = {B652},
	Year = {2007},
	Bdsk-Url-1 = {http://dx.doi.org/10.1016/j.physletb.2007.07.016}}

@article{Dokshitzer:2005bf,
	Archiveprefix = {arXiv},
	Author = {Dokshitzer, {\relax Yu}. L. and Marchesini, G. and Salam, G. P.},
	Date-Added = {2018-07-07 20:49:34 +0000},
	Date-Modified = {2018-07-07 20:49:34 +0000},
	Doi = {10.1016/j.physletb.2006.02.023},
	Eprint = {hep-ph/0511302},
	Journal = {Phys. Lett.},
	Pages = {504-507},
	Primaryclass = {hep-ph},
	Reportnumber = {BICOCCA-FT-05-31, LPTHE-05-31},
	Slaccitation = {%%CITATION = HEP-PH/0511302;%%},
	Title = {{Revisiting parton evolution and the large-x limit}},
	Volume = {B634},
	Year = {2006},
	Bdsk-Url-1 = {http://dx.doi.org/10.1016/j.physletb.2006.02.023}}

@article{Dokshitzer:1998kz,
	Archiveprefix = {arXiv},
	Author = {Dokshitzer, Yuri L. and Lucenti, A. and Marchesini, G. and Salam, G. P.},
	Date-Added = {2018-07-07 20:49:34 +0000},
	Date-Modified = {2018-07-07 20:49:34 +0000},
	Doi = {10.1088/1126-6708/1998/01/011},
	Eprint = {hep-ph/9801324},
	Journal = {JHEP},
	Pages = {011},
	Primaryclass = {hep-ph},
	Reportnumber = {IFUM-602-FT},
	Slaccitation = {%%CITATION = HEP-PH/9801324;%%},
	Title = {{On the QCD analysis of jet broadening}},
	Volume = {01},
	Year = {1998},
	Bdsk-Url-1 = {http://dx.doi.org/10.1088/1126-6708/1998/01/011}}

@article{Dokshitzer:1999sh,
	Archiveprefix = {arXiv},
	Author = {Dokshitzer, Yuri L. and Marchesini, G. and Webber, B. R.},
	Date-Added = {2018-07-07 20:49:34 +0000},
	Date-Modified = {2018-07-07 20:49:34 +0000},
	Doi = {10.1088/1126-6708/1999/07/012},
	Eprint = {hep-ph/9905339},
	Journal = {JHEP},
	Pages = {012},
	Primaryclass = {hep-ph},
	Reportnumber = {BICOCCA-FT-99-01, CAVENDISH-HEP-99-01},
	Slaccitation = {%%CITATION = HEP-PH/9905339;%%},
	Title = {{Nonperturbative effects in the energy energy correlation}},
	Volume = {07},
	Year = {1999},
	Bdsk-Url-1 = {http://dx.doi.org/10.1088/1126-6708/1999/07/012}}

@article{Dokshitzer:2006nm,
	Archiveprefix = {arXiv},
	Author = {Dokshitzer, {\relax Yu}. L. and Marchesini, G.},
	Date-Added = {2018-07-07 20:49:34 +0000},
	Date-Modified = {2018-07-07 20:49:34 +0000},
	Doi = {10.1016/j.physletb.2007.01.016},
	Eprint = {hep-th/0612248},
	Journal = {Phys. Lett.},
	Pages = {189-201},
	Primaryclass = {hep-th},
	Reportnumber = {BICOCCA-FT-06-20},
	Slaccitation = {%%CITATION = HEP-TH/0612248;%%},
	Title = {{N=4 SUSY Yang-Mills: three loops made simple(r)}},
	Volume = {B646},
	Year = {2007},
	Bdsk-Url-1 = {http://dx.doi.org/10.1016/j.physletb.2007.01.016}}

@article{Low:1958sn,
	Author = {Low, F. E.},
	Date-Added = {2018-07-07 20:34:36 +0000},
	Date-Modified = {2018-07-07 20:34:36 +0000},
	Doi = {10.1103/PhysRev.110.974},
	Journal = {Phys. Rev.},
	Pages = {974-977},
	Slaccitation = {%%CITATION = PHRVA,110,974;%%},
	Title = {{Bremsstrahlung of very low-energy quanta in elementary particle collisions}},
	Volume = {110},
	Year = {1958},
	Bdsk-Url-1 = {http://dx.doi.org/10.1103/PhysRev.110.974}}

@article{Burnett:1967km,
	Author = {Burnett, T. H. and Kroll, Norman M.},
	Date-Added = {2018-07-07 20:34:33 +0000},
	Date-Modified = {2018-07-07 20:34:33 +0000},
	Doi = {10.1103/PhysRevLett.20.86},
	Journal = {Phys. Rev. Lett.},
	Pages = {86},
	Slaccitation = {%%CITATION = PRLTA,20,86;%%},
	Title = {{Extension of the low soft photon theorem}},
	Volume = {20},
	Year = {1968},
	Bdsk-Url-1 = {http://dx.doi.org/10.1103/PhysRevLett.20.86}}

@article{Levy:1969cr,
	Author = {Levy, Maurice and Sucher, Joseph},
	Date-Added = {2018-07-07 20:34:10 +0000},
	Date-Modified = {2018-07-07 20:34:10 +0000},
	Doi = {10.1103/PhysRev.186.1656},
	Journal = {Phys. Rev.},
	Pages = {1656-1670},
	Slaccitation = {%%CITATION = PHRVA,186,1656;%%},
	Title = {{Eikonal approximation in quantum field theory}},
	Volume = {186},
	Year = {1969},
	Bdsk-Url-1 = {http://dx.doi.org/10.1103/PhysRev.186.1656}}

@article{Jaffe:1982pm,
	Author = {Jaffe, R. L. and Soldate, M.},
	Date-Added = {2018-07-07 19:41:44 +0000},
	Date-Modified = {2018-07-07 19:41:44 +0000},
	Doi = {10.1103/PhysRevD.26.49},
	Journal = {Phys. Rev.},
	Pages = {49-68},
	Reportnumber = {MIT-CTP-954-REV, MIT-CTP-954},
	Slaccitation = {%%CITATION = PHRVA,D26,49;%%},
	Title = {{Twist Four in Electroproduction: Canonical Operators and Coefficient Functions}},
	Volume = {D26},
	Year = {1982},
	Bdsk-Url-1 = {http://dx.doi.org/10.1103/PhysRevD.26.49}}

@article{Abdesselam:2010pt,
	Archiveprefix = {arXiv},
	Author = {Abdesselam, A. and others},
	Booktitle = {{Boost 2010 Oxford, United Kingdom, June 22-25, 2010}},
	Doi = {10.1140/epjc/s10052-011-1661-y},
	Eprint = {1012.5412},
	Journal = {Eur. Phys. J.},
	Pages = {1661},
	Primaryclass = {hep-ph},
	Reportnumber = {SLAC-PUB-15081, FERMILAB-PUB-10-617-CMS},
	Slaccitation = {%%CITATION = ARXIV:1012.5412;%%},
	Title = {{Boosted objects: A Probe of beyond the Standard Model physics}},
	Volume = {C71},
	Year = {2011},
	Bdsk-Url-1 = {http://dx.doi.org/10.1140/epjc/s10052-011-1661-y}}

@article{Altheimer:2012mn,
	Archiveprefix = {arXiv},
	Author = {Altheimer, A. and others},
	Booktitle = {{BOOST 2011 Princeton , NJ, USA, 22--26 May 2011}},
	Doi = {10.1088/0954-3899/39/6/063001},
	Eprint = {1201.0008},
	Journal = {J. Phys.},
	Pages = {063001},
	Primaryclass = {hep-ph},
	Reportnumber = {SLAC-R-990, FERMILAB-PUB-12-897-T},
	Slaccitation = {%%CITATION = ARXIV:1201.0008;%%},
	Title = {{Jet Substructure at the Tevatron and LHC: New results, new tools, new benchmarks}},
	Volume = {G39},
	Year = {2012},
	Bdsk-Url-1 = {http://dx.doi.org/10.1088/0954-3899/39/6/063001}}

@article{Altheimer:2013yza,
	Archiveprefix = {arXiv},
	Author = {Altheimer, A. and others},
	Booktitle = {{BOOST 2012 Valencia, Spain, July 23-27, 2012}},
	Doi = {10.1140/epjc/s10052-014-2792-8},
	Eprint = {1311.2708},
	Journal = {Eur. Phys. J.},
	Number = {3},
	Pages = {2792},
	Primaryclass = {hep-ex},
	Reportnumber = {FERMILAB-PUB-13-669},
	Slaccitation = {%%CITATION = ARXIV:1311.2708;%%},
	Title = {{Boosted objects and jet substructure at the LHC. Report of BOOST2012, held at IFIC Valencia, 23rd-27th of July 2012}},
	Volume = {C74},
	Year = {2014},
	Bdsk-Url-1 = {http://dx.doi.org/10.1140/epjc/s10052-014-2792-8}}

@article{Adams:2015hiv,
	Archiveprefix = {arXiv},
	Author = {Adams, D. and others},
	Doi = {10.1140/epjc/s10052-015-3587-2},
	Eprint = {1504.00679},
	Journal = {Eur. Phys. J.},
	Number = {9},
	Pages = {409},
	Primaryclass = {hep-ph},
	Reportnumber = {FERMILAB-PUB-15-670-CMS, SLAC-PUB-16703},
	Slaccitation = {%%CITATION = ARXIV:1504.00679;%%},
	Title = {{Towards an Understanding of the Correlations in Jet Substructure}},
	Volume = {C75},
	Year = {2015},
	Bdsk-Url-1 = {http://dx.doi.org/10.1140/epjc/s10052-015-3587-2}}

@article{Butterworth:2008iy,
	Archiveprefix = {arXiv},
	Author = {Butterworth, Jonathan M. and Davison, Adam R. and Rubin, Mathieu and Salam, Gavin P.},
	Doi = {10.1103/PhysRevLett.100.242001},
	Eprint = {0802.2470},
	Journal = {Phys. Rev. Lett.},
	Pages = {242001},
	Primaryclass = {hep-ph},
	Slaccitation = {%%CITATION = ARXIV:0802.2470;%%},
	Title = {{Jet substructure as a new Higgs search channel at the LHC}},
	Volume = {100},
	Year = {2008},
	Bdsk-Url-1 = {http://dx.doi.org/10.1103/PhysRevLett.100.242001}}

@article{Larkoski:2017jix,
	Archiveprefix = {arXiv},
	Author = {Larkoski, Andrew J. and Moult, Ian and Nachman, Benjamin},
	Eprint = {1709.04464},
	Primaryclass = {hep-ph},
	Slaccitation = {%%CITATION = ARXIV:1709.04464;%%},
	Title = {{Jet Substructure at the Large Hadron Collider: A Review of Recent Advances in Theory and Machine Learning}},
	Year = {2017}}

@article{Soper:2012pb,
	Archiveprefix = {arXiv},
	Author = {Soper, Davison E. and Spannowsky, Michael},
	Doi = {10.1103/PhysRevD.87.054012},
	Eprint = {1211.3140},
	Journal = {Phys. Rev.},
	Pages = {054012},
	Primaryclass = {hep-ph},
	Reportnumber = {IPPP-12-83, DCPT-12-166},
	Slaccitation = {%%CITATION = ARXIV:1211.3140;%%},
	Title = {{Finding top quarks with shower deconstruction}},
	Volume = {D87},
	Year = {2013},
	Bdsk-Url-1 = {http://dx.doi.org/10.1103/PhysRevD.87.054012}}

@article{Larkoski:2017iuy,
	Archiveprefix = {arXiv},
	Author = {Larkoski, Andrew J. and Moult, Ian and Neill, Duff},
	Eprint = {1708.06760},
	Primaryclass = {hep-ph},
	Slaccitation = {%%CITATION = ARXIV:1708.06760;%%},
	Title = {{Analytic Boosted Boson Discrimination at the Large Hadron Collider}},
	Year = {2017}}

@article{Larkoski:2014gra,
	Archiveprefix = {arXiv},
	Author = {Larkoski, Andrew J. and Moult, Ian and Neill, Duff},
	Doi = {10.1007/JHEP12(2014)009},
	Eprint = {1409.6298},
	Journal = {JHEP},
	Pages = {009},
	Primaryclass = {hep-ph},
	Reportnumber = {MIT--CTP-4588},
	Slaccitation = {%%CITATION = ARXIV:1409.6298;%%},
	Title = {{Power Counting to Better Jet Observables}},
	Volume = {12},
	Year = {2014},
	Bdsk-Url-1 = {http://dx.doi.org/10.1007/JHEP12(2014)009}}

@article{CMS-DP-2017-013,
	Collaboration = {CMS},
	Journal = {CMS-DP-2017-013},
	Month = {May},
	Title = {{CMS Phase 1 heavy flavour identification performance and developments}},
	Url = {https://cds.cern.ch/record/2263802},
	Year = {2017},
	Bdsk-Url-1 = {https://cds.cern.ch/record/2263802}}

@article{ATLAS-CONF-2017-064,
	Collaboration = {{ATLAS}},
	Journal = {ATLAS-CONF-2017-064},
	Title = {{Performance of Top Quark and W Boson Tagging in Run 2 with ATLAS}},
	Url = {https://atlas.web.cern.ch/Atlas/GROUPS/PHYSICS/CONFNOTES/ATLAS-CONF-2017-064/},
	Year = {2017},
	Bdsk-Url-1 = {https://atlas.web.cern.ch/Atlas/GROUPS/PHYSICS/CONFNOTES/ATLAS-CONF-2017-064/}}

@article{ATL-PHYS-PUB-2017-013,
	Collaboration = {{ATLAS}},
	Journal = {ATL-PHYS-PUB-2017-013},
	Title = {{Optimisation and performance studies of the ATLAS $b$-tagging algorithms for the 2017-18 LHC run}},
	Url = {https://cds.cern.ch/record/2273281},
	Year = {2017},
	Bdsk-Url-1 = {https://cds.cern.ch/record/2273281}}

@article{ATL-PHYS-PUB-2017-004,
	Collaboration = {{ATLAS}},
	Journal = {ATL-PHYS-PUB-2017-004},
	Title = {{Identification of Hadronically-Decaying W Bosons and Top Quarks Using High-Level Features as Input to Boosted Decision Trees and Deep Neural Networks in ATLAS at $\sqrt{s}$ = 13 TeV}},
	Url = {https://cds.cern.ch/record/2259646},
	Year = {2017},
	Bdsk-Url-1 = {https://cds.cern.ch/record/2259646}}

@article{CMS-DP-2017-005,
	Collaboration = {{CMS}},
	Journal = {CMS-DP-2017-005},
	Month = {Mar},
	Title = {{Heavy flavor identification at CMS with deep neural networks}},
	Url = {https://cds.cern.ch/record/2255736},
	Year = {2017},
	Bdsk-Url-1 = {https://cds.cern.ch/record/2255736}}

@article{ATL-PHYS-PUB-2017-003,
	Collaboration = {{ATLAS}},
	Journal = {ATL-PHYS-PUB-2017-003},
	Title = {{Identification of Jets Containing $b$-Hadrons with Recurrent Neural Networks at the ATLAS Experiment}},
	Url = {https://cds.cern.ch/record/2255226},
	Year = {2017},
	Bdsk-Url-1 = {https://cds.cern.ch/record/2255226}}

@article{Butter:2017cot,
	Archiveprefix = {arXiv},
	Author = {Butter, Anja and Kasieczka, Gregor and Plehn, Tilman and Russell, Michael},
	Eprint = {1707.08966},
	Primaryclass = {hep-ph},
	Slaccitation = {%%CITATION = ARXIV:1707.08966;%%},
	Title = {{Deep-learned Top Tagging using Lorentz Invariance and Nothing Else}},
	Year = {2017}}

@article{Pearkes:2017hku,
	Archiveprefix = {arXiv},
	Author = {Pearkes, Jannicke and Fedorko, Wojciech and Lister, Alison and Gay, Colin},
	Eprint = {1704.02124},
	Primaryclass = {hep-ex},
	Slaccitation = {%%CITATION = ARXIV:1704.02124;%%},
	Title = {{Jet Constituents for Deep Neural Network Based Top Quark Tagging}},
	Year = {2017}}

@article{Datta:2017rhs,
	Archiveprefix = {arXiv},
	Author = {Datta, Kaustuv and Larkoski, Andrew},
	Doi = {10.1007/JHEP06(2017)073},
	Eprint = {1704.08249},
	Journal = {JHEP},
	Pages = {073},
	Primaryclass = {hep-ph},
	Slaccitation = {%%CITATION = ARXIV:1704.08249;%%},
	Title = {{How Much Information is in a Jet?}},
	Volume = {06},
	Year = {2017},
	Bdsk-Url-1 = {http://dx.doi.org/10.1007/JHEP06(2017)073}}

@article{Datta:2017lxt,
	Archiveprefix = {arXiv},
	Author = {Datta, Kaustuv and Larkoski, Andrew J.},
	Eprint = {1710.01305},
	Primaryclass = {hep-ph},
	Slaccitation = {%%CITATION = ARXIV:1710.01305;%%},
	Title = {{Novel Jet Observables from Machine Learning}},
	Year = {2017}}

@article{Luo:2017ncs,
	Archiveprefix = {arXiv},
	Author = {Luo, Hui and Luo, Ming-xing and Wang, Kai and Xu, Tao and Zhu, Guohuai},
	Eprint = {1712.03634},
	Primaryclass = {hep-ph},
	Slaccitation = {%%CITATION = ARXIV:1712.03634;%%},
	Title = {{Quark jet versus gluon jet: deep neural networks with high-level features}},
	Year = {2017}}

@article{Komiske:2017aww,
	Archiveprefix = {arXiv},
	Author = {Komiske, Patrick T. and Metodiev, Eric M. and Thaler, Jesse},
	Eprint = {1712.07124},
	Primaryclass = {hep-ph},
	Reportnumber = {MIT-CTP-4965},
	Slaccitation = {%%CITATION = ARXIV:1712.07124;%%},
	Title = {{Energy flow polynomials: A complete linear basis for jet substructure}},
	Year = {2017}}

@article{ATL-PHYS-PUB-2017-017,
	Collaboration = {{ATLAS}},
	Journal = {ATL-PHYS-PUB-2017-017},
	Title = {{Quark versus Gluon Jet Tagging Using Jet Images with the ATLAS Detector}},
	Url = {http://cds.cern.ch/record/2275641},
	Year = {2017},
	Bdsk-Url-1 = {http://cds.cern.ch/record/2275641}}

@article{CMS-DP-2017-027,
	Collaboration = {{CMS}},
	Journal = {CMS-DP-2017-027},
	Title = {{New Developments for Jet Substructure Reconstruction in CMS}},
	Url = {https://cds.cern.ch/record/2275226},
	Year = {2017},
	Bdsk-Url-1 = {https://cds.cern.ch/record/2275226}}

@article{Louppe:2017ipp,
	Archiveprefix = {arXiv},
	Author = {Louppe, Gilles and Cho, Kyunghyun and Becot, Cyril and Cranmer, Kyle},
	Eprint = {1702.00748},
	Primaryclass = {hep-ph},
	Slaccitation = {%%CITATION = ARXIV:1702.00748;%%},
	Title = {{QCD-Aware Recursive Neural Networks for Jet Physics}},
	Year = {2017}}

@article{Almeida:2015jua,
	Archiveprefix = {arXiv},
	Author = {Almeida, Leandro G. and Backovi{\'c}, Mihailo and Cliche, Mathieu and Lee, Seung J. and Perelstein, Maxim},
	Date-Added = {2017-01-15 19:10:23 +0000},
	Date-Modified = {2017-01-15 19:10:23 +0000},
	Doi = {10.1007/JHEP07(2015)086},
	Eprint = {1501.05968},
	Journal = {JHEP},
	Pages = {086},
	Primaryclass = {hep-ph},
	Reportnumber = {CP3-15-01},
	Slaccitation = {%%CITATION = ARXIV:1501.05968;%%},
	Title = {{Playing Tag with ANN: Boosted Top Identification with Pattern Recognition}},
	Volume = {07},
	Year = {2015},
	Bdsk-Url-1 = {http://dx.doi.org/10.1007/JHEP07(2015)086}}

@techreport{CMS-DP-2016-070,
	Collaboration = {CMS},
	Month = {Nov},
	Number = {CMS-DP-2016-070},
	Title = {{Performance of quark/gluon discrimination in 13 TeV data}},
	Url = {https://cds.cern.ch/record/2234117},
	Year = {2016},
	Bdsk-Url-1 = {https://cds.cern.ch/record/2234117}}

@article{Cranmer:2015bka,
	Archiveprefix = {arXiv},
	Author = {Cranmer, Kyle and Pavez, Juan and Louppe, Gilles},
	Eprint = {1506.02169},
	Primaryclass = {stat.AP},
	Slaccitation = {%%CITATION = ARXIV:1506.02169;%%},
	Title = {{Approximating Likelihood Ratios with Calibrated Discriminative Classifiers}},
	Year = {2015}}

@article{Gallicchio:2011xc,
	Archiveprefix = {arXiv},
	Author = {Gallicchio, Jason and Schwartz, Matthew D.},
	Doi = {10.1007/JHEP10(2011)103},
	Eprint = {1104.1175},
	Journal = {JHEP},
	Pages = {103},
	Primaryclass = {hep-ph},
	Slaccitation = {%%CITATION = ARXIV:1104.1175;%%},
	Title = {{Pure Samples of Quark and Gluon Jets at the LHC}},
	Volume = {10},
	Year = {2011},
	Bdsk-Url-1 = {http://dx.doi.org/10.1007/JHEP10(2011)103}}

@article{Cogan:2014oua,
	Archiveprefix = {arXiv},
	Author = {Cogan, Josh and Kagan, Michael and Strauss, Emanuel and Schwarztman, Ariel},
	Doi = {10.1007/JHEP02(2015)118},
	Eprint = {1407.5675},
	Journal = {JHEP},
	Pages = {118},
	Primaryclass = {hep-ph},
	Slaccitation = {%%CITATION = ARXIV:1407.5675;%%},
	Title = {{Jet-Images: Computer Vision Inspired Techniques for Jet Tagging}},
	Volume = {02},
	Year = {2015},
	Bdsk-Url-1 = {http://dx.doi.org/10.1007/JHEP02(2015)118}}

@article{Komiske:2016rsd,
	Archiveprefix = {arXiv},
	Author = {Komiske, Patrick T. and Metodiev, Eric M. and Schwartz, Matthew D.},
	Doi = {10.1007/JHEP01(2017)110},
	Eprint = {1612.01551},
	Journal = {JHEP},
	Pages = {110},
	Primaryclass = {hep-ph},
	Reportnumber = {MIT-CTP-4866},
	Slaccitation = {%%CITATION = ARXIV:1612.01551;%%},
	Title = {{Deep learning in color: towards automated quark/gluon jet discrimination}},
	Volume = {01},
	Year = {2017},
	Bdsk-Url-1 = {http://dx.doi.org/10.1007/JHEP01(2017)110}}

@article{Baldi:2016fql,
	Archiveprefix = {arXiv},
	Author = {Baldi, Pierre and Bauer, Kevin and Eng, Clara and Sadowski, Peter and Whiteson, Daniel},
	Doi = {10.1103/PhysRevD.93.094034},
	Eprint = {1603.09349},
	Journal = {Phys. Rev.},
	Number = {9},
	Pages = {094034},
	Primaryclass = {hep-ex},
	Slaccitation = {%%CITATION = ARXIV:1603.09349;%%},
	Title = {{Jet Substructure Classification in High-Energy Physics with Deep Neural Networks}},
	Volume = {D93},
	Year = {2016},
	Bdsk-Url-1 = {http://dx.doi.org/10.1103/PhysRevD.93.094034}}

@article{Barnard:2016qma,
	Archiveprefix = {arXiv},
	Author = {Barnard, James and Dawe, Edmund Noel and Dolan, Matthew J. and Rajcic, Nina},
	Doi = {10.1103/PhysRevD.95.014018},
	Eprint = {1609.00607},
	Journal = {Phys. Rev.},
	Number = {1},
	Pages = {014018},
	Primaryclass = {hep-ph},
	Slaccitation = {%%CITATION = ARXIV:1609.00607;%%},
	Title = {{Parton Shower Uncertainties in Jet Substructure Analyses with Deep Neural Networks}},
	Volume = {D95},
	Year = {2017},
	Bdsk-Url-1 = {http://dx.doi.org/10.1103/PhysRevD.95.014018}}

@article{deOliveira:2015xxd,
	Archiveprefix = {arXiv},
	Author = {de Oliveira, Luke and Kagan, Michael and Mackey, Lester and Nachman, Benjamin and Schwartzman, Ariel},
	Doi = {10.1007/JHEP07(2016)069},
	Eprint = {1511.05190},
	Journal = {JHEP},
	Pages = {069},
	Primaryclass = {hep-ph},
	Slaccitation = {%%CITATION = ARXIV:1511.05190;%%},
	Title = {{Jet-images - deep learning edition}},
	Volume = {07},
	Year = {2016},
	Bdsk-Url-1 = {http://dx.doi.org/10.1007/JHEP07(2016)069}}

@article{deOliveira:2017pjk,
	Archiveprefix = {arXiv},
	Author = {de Oliveira, Luke and Paganini, Michela and Nachman, Benjamin},
	Eprint = {1701.05927},
	Primaryclass = {stat.ML},
	Slaccitation = {%%CITATION = ARXIV:1701.05927;%%},
	Title = {{Learning Particle Physics by Example: Location-Aware Generative Adversarial Networks for Physics Synthesis}},
	Year = {2017}}

@article{Chatrchyan:2012jua,
	Archiveprefix = {arXiv},
	Author = {Chatrchyan, Serguei and others},
	Collaboration = {CMS},
	Doi = {10.1088/1748-0221/8/04/P04013},
	Eprint = {1211.4462},
	Journal = {JINST},
	Pages = {P04013},
	Primaryclass = {hep-ex},
	Reportnumber = {CMS-BTV-12-001, CERN-PH-EP-2012-262},
	Slaccitation = {%%CITATION = ARXIV:1211.4462;%%},
	Title = {{Identification of b-quark jets with the CMS experiment}},
	Volume = {8},
	Year = {2013},
	Bdsk-Url-1 = {http://dx.doi.org/10.1088/1748-0221/8/04/P04013}}

@misc{keras,
	Author = {Chollet, Fran�ois},
	Commit = {82ca6d418588ccd61d663ec8029937290b62d583},
	Howpublished = {\url{https://github.com/fchollet/keras}},
	Journal = {GitHub repository},
	Publisher = {GitHub},
	Title = {Keras},
	Year = {2017}}

@article{Kasieczka:2017nvn,
	Archiveprefix = {arXiv},
	Author = {Kasieczka, Gregor and Plehn, Tilman and Russell, Michael and Schell, Torben},
	Doi = {10.1007/JHEP05(2017)006},
	Eprint = {1701.08784},
	Journal = {JHEP},
	Pages = {006},
	Primaryclass = {hep-ph},
	Reportnumber = {MCNET-17-07},
	Slaccitation = {%%CITATION = ARXIV:1701.08784;%%},
	Title = {{Deep-learning Top Taggers or The End of QCD?}},
	Volume = {05},
	Year = {2017},
	Bdsk-Url-1 = {http://dx.doi.org/10.1007/JHEP05(2017)006}}

@article{Aad:2016oit,
	Archiveprefix = {arXiv},
	Author = {Aad, Georges and others},
	Collaboration = {ATLAS},
	Doi = {10.1140/epjc/s10052-016-4126-5},
	Eprint = {1602.00988},
	Journal = {Eur. Phys. J.},
	Number = {6},
	Pages = {322},
	Primaryclass = {hep-ex},
	Reportnumber = {CERN-EP-2016-001},
	Slaccitation = {%%CITATION = ARXIV:1602.00988;%%},
	Title = {{Measurement of the charged-particle multiplicity inside jets from $\sqrt{s}=8$ TeV $pp$ collisions with the ATLAS detector}},
	Volume = {C76},
	Year = {2016},
	Bdsk-Url-1 = {http://dx.doi.org/10.1140/epjc/s10052-016-4126-5}}

@article{Cohen:2017exh,
	Archiveprefix = {arXiv},
	Author = {Cohen, Timothy and Freytsis, Marat and Ostdiek, Bryan},
	Eprint = {1706.09451},
	Primaryclass = {hep-ph},
	Slaccitation = {%%CITATION = ARXIV:1706.09451;%%},
	Title = {{(Machine) Learning to Do More with Less}},
	Year = {2017}}

@article{Aad:2014gea,
	Archiveprefix = {arXiv},
	Author = {Aad, Georges and others},
	Collaboration = {ATLAS},
	Doi = {10.1140/epjc/s10052-014-3023-z},
	Eprint = {1405.6583},
	Journal = {Eur. Phys. J.},
	Number = {8},
	Pages = {3023},
	Primaryclass = {hep-ex},
	Reportnumber = {CERN-PH-EP-2014-058},
	Slaccitation = {%%CITATION = ARXIV:1405.6583;%%},
	Title = {{Light-quark and gluon jet discrimination in $pp$ collisions at $\sqrt{s}=7\mathrm {\ TeV}$ with the ATLAS detector}},
	Volume = {C74},
	Year = {2014},
	Bdsk-Url-1 = {http://dx.doi.org/10.1140/epjc/s10052-014-3023-z}}

@article{Chatrchyan:2012sn,
	Archiveprefix = {arXiv},
	Author = {Chatrchyan, Serguei and others},
	Collaboration = {CMS},
	Doi = {10.1007/JHEP04(2012)036},
	Eprint = {1202.1416},
	Journal = {JHEP},
	Pages = {036},
	Primaryclass = {hep-ex},
	Reportnumber = {CMS-HIG-11-027, CERN-PH-EP-2012-028},
	Slaccitation = {%%CITATION = ARXIV:1202.1416;%%},
	Title = {{Search for a Higgs boson in the decay channel $H$ to ZZ(*) to $q$ qbar $\ell^-$ l+ in $pp$ collisions at $\sqrt{s}=7$ TeV}},
	Volume = {04},
	Year = {2012},
	Bdsk-Url-1 = {http://dx.doi.org/10.1007/JHEP04(2012)036}}

@article{Dery:2017fap,
	Archiveprefix = {arXiv},
	Author = {Dery, Lucio Mwinmaarong and Nachman, Benjamin and Rubbo, Francesco and Schwartzman, Ariel},
	Doi = {10.1007/JHEP05(2017)145},
	Eprint = {1702.00414},
	Journal = {JHEP},
	Pages = {145},
	Primaryclass = {hep-ph},
	Slaccitation = {%%CITATION = ARXIV:1702.00414;%%},
	Title = {{Weakly Supervised Classification in High Energy Physics}},
	Volume = {05},
	Year = {2017},
	Bdsk-Url-1 = {http://dx.doi.org/10.1007/JHEP05(2017)145}}

@article{Louppe:2016ylz,
	Archiveprefix = {arXiv},
	Author = {Louppe, Gilles and Kagan, Michael and Cranmer, Kyle},
	Eprint = {1611.01046},
	Primaryclass = {stat.ME},
	Slaccitation = {%%CITATION = ARXIV:1611.01046;%%},
	Title = {{Learning to Pivot with Adversarial Networks}},
	Year = {2016}}

@article{Paganini:2017hrr,
	Archiveprefix = {arXiv},
	Author = {Paganini, Michela and de Oliveira, Luke and Nachman, Benjamin},
	Eprint = {1705.02355},
	Primaryclass = {hep-ex},
	Slaccitation = {%%CITATION = ARXIV:1705.02355;%%},
	Title = {{CaloGAN: Simulating 3D High Energy Particle Showers in Multi-Layer Electromagnetic Calorimeters with Generative Adversarial Networks}},
	Year = {2017}}

@article{adam,
	Archiveprefix = {arXiv},
	Author = {Kingma, Diederik and Ba, Jimmy},
	Eprint = {1412.6980},
	Primaryclass = {cs},
	Title = {Adam: A method for stochastic optimization},
	Year = {2014}}

@book{Dissertori:2003pj,
	Author = {Dissertori, G. and Knowles, I. G. and Schmelling, M.},
	Journal = {Oxford, UK: Clarendon (2003) 538 p},
	Slaccitation = {%%CITATION = INSPIRE-634577;%%},
	Title = {{High energy experiments and theory}},
	Year = {2003}}

@article{Cacciari:2008gp,
	Archiveprefix = {arXiv},
	Author = {Cacciari, Matteo and Salam, Gavin P. and Soyez, Gregory},
	Doi = {10.1088/1126-6708/2008/04/063},
	Eprint = {0802.1189},
	Journal = {JHEP},
	Pages = {063},
	Primaryclass = {hep-ph},
	Reportnumber = {LPTHE-07-03},
	Slaccitation = {%%CITATION = ARXIV:0802.1189;%%},
	Title = {{The Anti-k(t) jet clustering algorithm}},
	Volume = {04},
	Year = {2008},
	Bdsk-Url-1 = {http://dx.doi.org/10.1088/1126-6708/2008/04/063}}

@techreport{CMS:2014fya,
	Collaboration = {CMS},
	Number = {CMS-PAS-JME-13-007},
	Slaccitation = {%%CITATION = CMS-PAS-JME-13-007;%%},
	Title = {{Boosted Top Jet Tagging at CMS}},
	Year = {2014}}

@article{Aad:2016pux,
	Archiveprefix = {arXiv},
	Author = {Aad, Georges and others},
	Collaboration = {ATLAS},
	Doi = {10.1007/JHEP06(2016)093},
	Eprint = {1603.03127},
	Journal = {JHEP},
	Pages = {093},
	Primaryclass = {hep-ex},
	Reportnumber = {CERN-EP-2016-010},
	Slaccitation = {%%CITATION = ARXIV:1603.03127;%%},
	Title = {{Identification of high transverse momentum top quarks in $pp$ collisions at $\sqrt{s}$ = 8 TeV with the ATLAS detector}},
	Volume = {06},
	Year = {2016},
	Bdsk-Url-1 = {http://dx.doi.org/10.1007/JHEP06(2016)093}}

@article{Khachatryan:2014vla,
	Archiveprefix = {arXiv},
	Author = {Khachatryan, Vardan and others},
	Collaboration = {CMS},
	Doi = {10.1007/JHEP12(2014)017},
	Eprint = {1410.4227},
	Journal = {JHEP},
	Pages = {017},
	Primaryclass = {hep-ex},
	Reportnumber = {CMS-JME-13-006, CERN-PH-EP-2014-241},
	Slaccitation = {%%CITATION = ARXIV:1410.4227;%%},
	Title = {{Identification techniques for highly boosted W bosons that decay into hadrons}},
	Volume = {12},
	Year = {2014},
	Bdsk-Url-1 = {http://dx.doi.org/10.1007/JHEP12(2014)017}}

@article{Aad:2015rpa,
	Archiveprefix = {arXiv},
	Author = {Aad, Georges and others},
	Collaboration = {ATLAS},
	Doi = {10.1140/epjc/s10052-016-3978-z},
	Eprint = {1510.05821},
	Journal = {Eur. Phys. J.},
	Number = {3},
	Pages = {154},
	Primaryclass = {hep-ex},
	Reportnumber = {CERN-PH-EP-2015-204},
	Slaccitation = {%%CITATION = ARXIV:1510.05821;%%},
	Title = {{Identification of boosted, hadronically decaying W bosons and comparisons with ATLAS data taken at $\sqrt{s} = 8$ TeV}},
	Volume = {C76},
	Year = {2016},
	Bdsk-Url-1 = {http://dx.doi.org/10.1140/epjc/s10052-016-3978-z}}

@techreport{CMS:2013kfa,
	Collaboration = {CMS},
	Number = {CMS-PAS-JME-13-002},
	Slaccitation = {%%CITATION = CMS-PAS-JME-13-002;%%},
	Title = {{Performance of quark/gluon discrimination in 8 TeV pp data}},
	Year = {2013}}

@article{Aad:2015ydr,
	Archiveprefix = {arXiv},
	Author = {Aad, Georges and others},
	Collaboration = {ATLAS},
	Doi = {10.1088/1748-0221/11/04/P04008},
	Eprint = {1512.01094},
	Journal = {JINST},
	Number = {04},
	Pages = {P04008},
	Primaryclass = {hep-ex},
	Reportnumber = {CERN-PH-EP-2015-216},
	Slaccitation = {%%CITATION = ARXIV:1512.01094;%%},
	Title = {{Performance of $b$-Jet Identification in the ATLAS Experiment}},
	Volume = {11},
	Year = {2016},
	Bdsk-Url-1 = {http://dx.doi.org/10.1088/1748-0221/11/04/P04008}}

@article{Khachatryan:2015bnx,
	Archiveprefix = {arXiv},
	Author = {Khachatryan, Vardan and others},
	Collaboration = {CMS},
	Doi = {10.1103/PhysRevD.92.032008},
	Eprint = {1506.01010},
	Journal = {Phys. Rev.},
	Number = {3},
	Pages = {032008},
	Primaryclass = {hep-ex},
	Reportnumber = {CMS-14-004, CERN-PH-EP-2015-121, CMS-HIG-14-004},
	Slaccitation = {%%CITATION = ARXIV:1506.01010;%%},
	Title = {{Search for the standard model Higgs boson produced through vector boson fusion and decaying to $b \overline{b}$}},
	Volume = {D92},
	Year = {2015},
	Bdsk-Url-1 = {http://dx.doi.org/10.1103/PhysRevD.92.032008}}

@article{Khachatryan:2014dea,
	Archiveprefix = {arXiv},
	Author = {Khachatryan, Vardan and others},
	Collaboration = {CMS},
	Doi = {10.1140/epjc/s10052-014-3232-5},
	Eprint = {1410.3153},
	Journal = {Eur. Phys. J.},
	Number = {2},
	Pages = {66},
	Primaryclass = {hep-ex},
	Reportnumber = {CMS-FSQ-12-035, CERN-PH-EP-2014-234},
	Slaccitation = {%%CITATION = ARXIV:1410.3153;%%},
	Title = {{Measurement of electroweak production of two jets in association with a Z boson in proton-proton collisions at $\sqrt{s}=8\,\text {TeV}$}},
	Volume = {C75},
	Year = {2015},
	Bdsk-Url-1 = {http://dx.doi.org/10.1140/epjc/s10052-014-3232-5}}

@article{CMS:2014joa,
	Collaboration = {CMS},
	Journal = {CMS-PAS-JME-14-002},
	Slaccitation = {%%CITATION = CMS-PAS-JME-14-002;%%},
	Title = {{V Tagging Observables and Correlations}},
	Year = {2014}}

@article{Aad:2015owa,
	Archiveprefix = {arXiv},
	Author = {Aad, Georges and others},
	Collaboration = {ATLAS},
	Doi = {10.1007/JHEP12(2015)055},
	Eprint = {1506.00962},
	Journal = {JHEP},
	Pages = {055},
	Primaryclass = {hep-ex},
	Reportnumber = {CERN-PH-EP-2015-115},
	Slaccitation = {%%CITATION = ARXIV:1506.00962;%%},
	Title = {{Search for high-mass diboson resonances with boson-tagged jets in proton-proton collisions at $ \sqrt{s}=8 $ TeV with the ATLAS detector}},
	Volume = {12},
	Year = {2015},
	Bdsk-Url-1 = {http://dx.doi.org/10.1007/JHEP12(2015)055}}

@article{Bhattacherjee:2016bpy,
	Archiveprefix = {arXiv},
	Author = {Bhattacherjee, Biplob and Mukhopadhyay, Satyanarayan and Nojiri, Mihoko M. and Sakaki, Yasuhito and Webber, Bryan R.},
	Doi = {10.1007/JHEP01(2017)044},
	Eprint = {1609.08781},
	Journal = {JHEP},
	Pages = {044},
	Primaryclass = {hep-ph},
	Reportnumber = {CAVENDISH-HEP-16-16, KEK-TH-1936, PITT-PACC-1609, IPMU16-0146},
	Slaccitation = {%%CITATION = ARXIV:1609.08781;%%},
	Title = {{Quark-gluon discrimination in the search for gluino pair production at the LHC}},
	Volume = {01},
	Year = {2017},
	Bdsk-Url-1 = {http://dx.doi.org/10.1007/JHEP01(2017)044}}

@article{DBLP:journals/corr/StewartE16,
	Author = {Russell Stewart and Stefano Ermon},
	Bibsource = {dblp computer science bibliography, http://dblp.org},
	Biburl = {http://dblp.uni-trier.de/rec/bib/journals/corr/StewartE16},
	Journal = {CoRR},
	Timestamp = {Mon, 03 Oct 2016 17:51:10 +0200},
	Title = {Label-Free Supervision of Neural Networks with Physics and Domain Knowledge},
	Url = {http://arxiv.org/abs/1609.05566},
	Volume = {abs/1609.05566},
	Year = {2016},
	Bdsk-Url-1 = {http://arxiv.org/abs/1609.05566}}

@inproceedings{Kotzias:2015:GIL:2783258.2783380,
	Acmid = {2783380},
	Address = {New York, NY, USA},
	Author = {Kotzias, Dimitrios and Denil, Misha and de Freitas, Nando and Smyth, Padhraic},
	Booktitle = {Proceedings of the 21th ACM SIGKDD International Conference on Knowledge Discovery and Data Mining},
	Doi = {10.1145/2783258.2783380},
	Isbn = {978-1-4503-3664-2},
	Keywords = {deep learning, multi-instance learning, sentiment analysis, unsupervised learning},
	Location = {Sydney, NSW, Australia},
	Numpages = {10},
	Pages = {597--606},
	Publisher = {ACM},
	Series = {KDD '15},
	Title = {From Group to Individual Labels Using Deep Features},
	Url = {http://doi.acm.org/10.1145/2783258.2783380},
	Year = {2015},
	Bdsk-Url-1 = {http://doi.acm.org/10.1145/2783258.2783380},
	Bdsk-Url-2 = {http://dx.doi.org/10.1145/2783258.2783380}}

@article{Gallicchio:2011xq,
	Archiveprefix = {arXiv},
	Author = {Gallicchio, Jason and Schwartz, Matthew D.},
	Doi = {10.1103/PhysRevLett.107.172001},
	Eprint = {1106.3076},
	Journal = {Phys. Rev. Lett.},
	Pages = {172001},
	Primaryclass = {hep-ph},
	Slaccitation = {%%CITATION = ARXIV:1106.3076;%%},
	Title = {{Quark and Gluon Tagging at the LHC}},
	Volume = {107},
	Year = {2011},
	Bdsk-Url-1 = {http://dx.doi.org/10.1103/PhysRevLett.107.172001}}

@article{DBLP:journals/corr/KingmaB14,
	Author = {Diederik P. Kingma and Jimmy Ba},
	Bibsource = {dblp computer science bibliography, http://dblp.org},
	Biburl = {http://dblp.uni-trier.de/rec/bib/journals/corr/KingmaB14},
	Journal = {CoRR},
	Timestamp = {Thu, 01 Jan 2015 19:51:08 +0100},
	Title = {Adam: {A} Method for Stochastic Optimization},
	Url = {http://arxiv.org/abs/1412.6980},
	Volume = {abs/1412.6980},
	Year = {2014},
	Bdsk-Url-1 = {http://arxiv.org/abs/1412.6980}}

@misc{chollet2015keras,
	Author = {Chollet, Fran\c{c}ois},
	Howpublished = {\url{https://github.com/fchollet/keras}},
	Publisher = {GitHub},
	Title = {Keras},
	Year = {2015}}

@inproceedings{Badger:2016bpw,
	Archiveprefix = {arXiv},
	Author = {Andersen, J. R. and others},
	Booktitle = {{9th Les Houches Workshop on Physics at TeV Colliders (PhysTeV 2015) Les Houches, France, June 1-19, 2015}},
	Eprint = {1605.04692},
	Primaryclass = {hep-ph},
	Reportnumber = {FERMILAB-CONF-16-175-PPD-T},
	Slaccitation = {%%CITATION = ARXIV:1605.04692;%%},
	Title = {{Les Houches 2015: Physics at TeV Colliders Standard Model Working Group Report}},
	Url = {http://lss.fnal.gov/archive/2016/conf/fermilab-conf-16-175-ppd-t.pdf},
	Year = {2016},
	Bdsk-Url-1 = {http://lss.fnal.gov/archive/2016/conf/fermilab-conf-16-175-ppd-t.pdf}}

@article{Cacciari:2011ma,
	Archiveprefix = {arXiv},
	Author = {Cacciari, Matteo and Salam, Gavin P. and Soyez, Gregory},
	Doi = {10.1140/epjc/s10052-012-1896-2},
	Eprint = {1111.6097},
	Journal = {Eur. Phys. J.},
	Pages = {1896},
	Primaryclass = {hep-ph},
	Reportnumber = {CERN-PH-TH-2011-297},
	Slaccitation = {%%CITATION = ARXIV:1111.6097;%%},
	Title = {{FastJet User Manual}},
	Volume = {C72},
	Year = {2012},
	Bdsk-Url-1 = {http://dx.doi.org/10.1140/epjc/s10052-012-1896-2}}

@article{DIETTERICH199731,
	Author = {Thomas G. Dietterich and Richard H. Lathrop and Tom{\'a}s Lozano-P{\'e}rez},
	Doi = {http://dx.doi.org/10.1016/S0004-3702(96)00034-3},
	Issn = {0004-3702},
	Journal = {Artificial Intelligence},
	Number = {1},
	Pages = {31 - 71},
	Title = {Solving the multiple instance problem with axis-parallel rectangles},
	Url = {http://www.sciencedirect.com/science/article/pii/S0004370296000343},
	Volume = {89},
	Year = {1997},
	Bdsk-Url-1 = {http://www.sciencedirect.com/science/article/pii/S0004370296000343},
	Bdsk-Url-2 = {http://dx.doi.org/10.1016/S0004-3702(96)00034-3}}

@article{Amores201381,
	Author = {Jaume Amores},
	Doi = {http://dx.doi.org/10.1016/j.artint.2013.06.003},
	Issn = {0004-3702},
	Journal = {Artificial Intelligence},
	Pages = {81 - 105},
	Title = {Multiple instance classification: Review, taxonomy and comparative study},
	Url = {http://www.sciencedirect.com/science/article/pii/S0004370213000581},
	Volume = {201},
	Year = {2013},
	Bdsk-Url-1 = {http://www.sciencedirect.com/science/article/pii/S0004370213000581},
	Bdsk-Url-2 = {http://dx.doi.org/10.1016/j.artint.2013.06.003}}

@article{Sjostrand:2007gs,
	Archiveprefix = {arXiv},
	Author = {Sjostrand, Torbjorn and Mrenna, Stephen and Skands, Peter Z.},
	Doi = {10.1016/j.cpc.2008.01.036},
	Eprint = {0710.3820},
	Journal = {Comput. Phys. Commun.},
	Pages = {852-867},
	Primaryclass = {hep-ph},
	Reportnumber = {CERN-LCGAPP-2007-04, LU-TP-07-28, FERMILAB-PUB-07-512-CD-T},
	Slaccitation = {%%CITATION = ARXIV:0710.3820;%%},
	Title = {{A Brief Introduction to PYTHIA 8.1}},
	Volume = {178},
	Year = {2008},
	Bdsk-Url-1 = {http://dx.doi.org/10.1016/j.cpc.2008.01.036}}

@article{Aaboud:2016cns,
	Archiveprefix = {arXiv},
	Author = {Aaboud, Morad and others},
	Collaboration = {ATLAS},
	Doi = {10.1007/JHEP11(2016)112},
	Eprint = {1606.02181},
	Journal = {JHEP},
	Pages = {112},
	Primaryclass = {hep-ex},
	Reportnumber = {CERN-EP-2016-076},
	Slaccitation = {%%CITATION = ARXIV:1606.02181;%%},
	Title = {{Search for the Standard Model Higgs boson produced by vector-boson fusion and decaying to bottom quarks in $ \sqrt{s}=8 $ TeV pp collisions with the ATLAS detector}},
	Volume = {11},
	Year = {2016},
	Bdsk-Url-1 = {http://dx.doi.org/10.1007/JHEP11(2016)112}}

@incollection{NIPS2014_5453,
	Author = {Patrini, Giorgio and Nock, Richard and Rivera, Paul and Caetano, Tiberio},
	Booktitle = {Advances in Neural Information Processing Systems 27},
	Editor = {Z. Ghahramani and M. Welling and C. Cortes and N. D. Lawrence and K. Q. Weinberger},
	Pages = {190--198},
	Publisher = {Curran Associates, Inc.},
	Title = {(Almost) No Label No Cry},
	Url = {http://papers.nips.cc/paper/5453-almost-no-label-no-cry.pdf},
	Year = {2014},
	Bdsk-Url-1 = {http://papers.nips.cc/paper/5453-almost-no-label-no-cry.pdf}}

@article{Butterworth:2008iy,
	Archiveprefix = {arXiv},
	Author = {Butterworth, Jonathan M. and Davison, Adam R. and Rubin, Mathieu and Salam, Gavin P.},
	Doi = {10.1103/PhysRevLett.100.242001},
	Eprint = {0802.2470},
	Journal = {Phys. Rev. Lett.},
	Pages = {242001},
	Primaryclass = {hep-ph},
	Slaccitation = {%%CITATION = ARXIV:0802.2470;%%},
	Title = {{Jet substructure as a new Higgs search channel at the LHC}},
	Volume = {100},
	Year = {2008},
	Bdsk-Url-1 = {http://dx.doi.org/10.1103/PhysRevLett.100.242001}}

@article{Ellis:2009su,
	Archiveprefix = {arXiv},
	Author = {Ellis, Stephen D. and Vermilion, Christopher K. and Walsh, Jonathan R.},
	Doi = {10.1103/PhysRevD.80.051501},
	Eprint = {0903.5081},
	Journal = {Phys. Rev.},
	Pages = {051501},
	Primaryclass = {hep-ph},
	Slaccitation = {%%CITATION = ARXIV:0903.5081;%%},
	Title = {{Techniques for improved heavy particle searches with jet substructure}},
	Volume = {D80},
	Year = {2009},
	Bdsk-Url-1 = {http://dx.doi.org/10.1103/PhysRevD.80.051501}}

@article{Ellis:2009me,
	Archiveprefix = {arXiv},
	Author = {Ellis, Stephen D. and Vermilion, Christopher K. and Walsh, Jonathan R.},
	Doi = {10.1103/PhysRevD.81.094023},
	Eprint = {0912.0033},
	Journal = {Phys. Rev.},
	Pages = {094023},
	Primaryclass = {hep-ph},
	Slaccitation = {%%CITATION = ARXIV:0912.0033;%%},
	Title = {{Recombination Algorithms and Jet Substructure: Pruning as a Tool for Heavy Particle Searches}},
	Volume = {D81},
	Year = {2010},
	Bdsk-Url-1 = {http://dx.doi.org/10.1103/PhysRevD.81.094023}}

@article{Krohn:2009th,
	Archiveprefix = {arXiv},
	Author = {Krohn, David and Thaler, Jesse and Wang, Lian-Tao},
	Doi = {10.1007/JHEP02(2010)084},
	Eprint = {0912.1342},
	Journal = {JHEP},
	Pages = {084},
	Primaryclass = {hep-ph},
	Slaccitation = {%%CITATION = ARXIV:0912.1342;%%},
	Title = {{Jet Trimming}},
	Volume = {02},
	Year = {2010},
	Bdsk-Url-1 = {http://dx.doi.org/10.1007/JHEP02(2010)084}}

@article{Dasgupta:2013ihk,
	Archiveprefix = {arXiv},
	Author = {Dasgupta, Mrinal and Fregoso, Alessandro and Marzani, Simone and Salam, Gavin P.},
	Doi = {10.1007/JHEP09(2013)029},
	Eprint = {1307.0007},
	Journal = {JHEP},
	Pages = {029},
	Primaryclass = {hep-ph},
	Reportnumber = {CERN-PH-TH-2013-145, DCPT-13-86, IPPP-13-43, LPN13-036, MAN-HEP-2013-12},
	Slaccitation = {%%CITATION = ARXIV:1307.0007;%%},
	Title = {{Towards an understanding of jet substructure}},
	Volume = {09},
	Year = {2013},
	Bdsk-Url-1 = {http://dx.doi.org/10.1007/JHEP09(2013)029}}

@article{Larkoski:2014wba,
	Archiveprefix = {arXiv},
	Author = {Larkoski, Andrew J. and Marzani, Simone and Soyez, Gregory and Thaler, Jesse},
	Doi = {10.1007/JHEP05(2014)146},
	Eprint = {1402.2657},
	Journal = {JHEP},
	Pages = {146},
	Primaryclass = {hep-ph},
	Reportnumber = {MIT-CTP-4531, DCPT-14-24, IPPP-14-12},
	Slaccitation = {%%CITATION = ARXIV:1402.2657;%%},
	Title = {{Soft Drop}},
	Volume = {05},
	Year = {2014},
	Bdsk-Url-1 = {http://dx.doi.org/10.1007/JHEP05(2014)146}}

@article{Frye:2016okc,
	Archiveprefix = {arXiv},
	Author = {Frye, Christopher and Larkoski, Andrew J. and Schwartz, Matthew D. and Yan, Kai},
	Eprint = {1603.06375},
	Primaryclass = {hep-ph},
	Slaccitation = {%%CITATION = ARXIV:1603.06375;%%},
	Title = {{Precision physics with pile-up insensitive observables}},
	Year = {2016}}

@article{Frye:2016aiz,
	Archiveprefix = {arXiv},
	Author = {Frye, Christopher and Larkoski, Andrew J. and Schwartz, Matthew D. and Yan, Kai},
	Doi = {10.1007/JHEP07(2016)064},
	Eprint = {1603.09338},
	Journal = {JHEP},
	Pages = {064},
	Primaryclass = {hep-ph},
	Slaccitation = {%%CITATION = ARXIV:1603.09338;%%},
	Title = {{Factorization for groomed jet substructure beyond the next-to-leading logarithm}},
	Volume = {07},
	Year = {2016},
	Bdsk-Url-1 = {http://dx.doi.org/10.1007/JHEP07(2016)064}}

@article{hernandez2015,
	Author = {Hern{\'a}ndez-Gonz{\'a}lez, Jer{\'o}nimo and Inza, I{\~n}aki and Lozano, Jose A},
	Journal = {Pattern Recognition Letters},
	Pages = {49--55},
	Publisher = {Elsevier},
	Title = {Weak supervision and other non-standard classification problems: a taxonomy},
	Volume = {69},
	Year = {2016}}

@article{quadrianto2009,
	Author = {Quadrianto, Novi and Smola, Alex J and Caetano, Tiberio S and Le, Quoc V},
	Journal = {Journal of Machine Learning Research},
	Number = {Oct},
	Pages = {2349--2374},
	Title = {Estimating labels from label proportions},
	Volume = {10},
	Year = {2009}}

@article{scott2013,
	Author = {Blanchard, Gilles and Flaska, Marek and Handy, Gregory and Pozzi, Sara and Scott, Clayton},
	Doi = {10.1214/16-EJS1193},
	Fjournal = {Electronic Journal of Statistics},
	Journal = {Electron. J. Statist.},
	Number = {2},
	Pages = {2780--2824},
	Publisher = {The Institute of Mathematical Statistics and the Bernoulli Society},
	Title = {Classification with asymmetric label noise: Consistency and maximal denoising},
	Url = {http://dx.doi.org/10.1214/16-EJS1193},
	Volume = {10},
	Year = {2016},
	Bdsk-Url-1 = {http://dx.doi.org/10.1214/16-EJS1193}}

@article{neyman1933ix,
	Author = {Neyman, Jerzy and Pearson, Egon S},
	Journal = {Phil. Trans. R. Soc. Lond. A},
	Number = {694-706},
	Pages = {289--337},
	Publisher = {The Royal Society},
	Title = {IX. On the problem of the most efficient tests of statistical hypotheses},
	Volume = {231},
	Year = {1933}}

@article{Gras:2017jty,
	Archiveprefix = {arXiv},
	Author = {Gras, Philippe and H{\"o}che, Stefan and Kar, Deepak and Larkoski, Andrew and L{\"o}nnblad, Leif and Pl{\"a}tzer, Simon and Si{\'o}dmok, Andrzej and Skands, Peter and Soyez, Gregory and Thaler, Jesse},
	Doi = {10.1007/JHEP07(2017)091},
	Eprint = {1704.03878},
	Journal = {JHEP},
	Pages = {091},
	Primaryclass = {hep-ph},
	Reportnumber = {MIT-CTP-4885, COEPP-MN-17-2, MCNET-17-04},
	Slaccitation = {%%CITATION = ARXIV:1704.03878;%%},
	Title = {{Systematics of quark/gluon tagging}},
	Volume = {07},
	Year = {2017},
	Bdsk-Url-1 = {http://dx.doi.org/10.1007/JHEP07(2017)091}}

@inproceedings{tensorflow,
	Author = {Abadi, Mart{\'\i}n and Barham, Paul and Chen, Jianmin and Chen, Zhifeng and Davis, Andy and Dean, Jeffrey and Devin, Matthieu and Ghemawat, Sanjay and Irving, Geoffrey and Isard, Michael and others},
	Booktitle = {OSDI},
	Pages = {265--283},
	Title = {TensorFlow: A System for Large-Scale Machine Learning.},
	Volume = {16},
	Year = {2016}}

@inproceedings{heuniform,
	Author = {He, Kaiming and Zhang, Xiangyu and Ren, Shaoqing and Sun, Jian},
	Booktitle = {Proceedings of the IEEE international conference on computer vision},
	Pages = {1026--1034},
	Title = {Delving deep into rectifiers: Surpassing human-level performance on imagenet classification},
	Year = {2015}}

@inproceedings{patrini2014almost,
	Author = {Patrini, Giorgio and Nock, Richard and Rivera, Paul and Caetano, Tiberio},
	Booktitle = {Advances in Neural Information Processing Systems},
	Pages = {190--198},
	Title = {(Almost) no label no cry},
	Year = {2014}}

@inproceedings{natarajan2013learning,
	Author = {Natarajan, Nagarajan and Dhillon, Inderjit S and Ravikumar, Pradeep K and Tewari, Ambuj},
	Booktitle = {Advances in neural information processing systems},
	Pages = {1196--1204},
	Title = {Learning with noisy labels},
	Year = {2013}}

@article{Komiske:2017ubm,
	Archiveprefix = {arXiv},
	Author = {Komiske, Patrick T. and Metodiev, Eric M. and Nachman, Benjamin and Schwartz, Matthew D.},
	Eprint = {1707.08600},
	Primaryclass = {hep-ph},
	Reportnumber = {MIT-CTP-4924},
	Slaccitation = {%%CITATION = ARXIV:1707.08600;%%},
	Title = {{Pileup Mitigation with Machine Learning (PUMML)}},
	Year = {2017}}

@inproceedings{scott2015rate,
	Author = {Scott, Clayton},
	Booktitle = {Artificial Intelligence and Statistics},
	Pages = {838--846},
	Title = {A rate of convergence for mixture proportion estimation, with application to learning from noisy labels},
	Year = {2015}}

@article{Nilles:1980ys,
	Author = {Nilles, Hans Peter and Streng, K. H.},
	Doi = {10.1103/PhysRevD.23.1944},
	Journal = {Phys. Rev.},
	Pages = {1944},
	Reportnumber = {SLAC-PUB-2586},
	Slaccitation = {%%CITATION = PHRVA,D23,1944;%%},
	Title = {{Quark - Gluon Separation in Three Jet Events}},
	Volume = {D23},
	Year = {1981},
	Bdsk-Url-1 = {http://dx.doi.org/10.1103/PhysRevD.23.1944}}

@article{Jones:1988ay,
	Author = {Jones, Lorella M.},
	Doi = {10.1103/PhysRevD.39.2550},
	Journal = {Phys. Rev.},
	Pages = {2550},
	Reportnumber = {UTHEP-189},
	Slaccitation = {%%CITATION = PHRVA,D39,2550;%%},
	Title = {{Tests for Determining the Parton Ancestor of a Hadron Jet}},
	Volume = {D39},
	Year = {1989},
	Bdsk-Url-1 = {http://dx.doi.org/10.1103/PhysRevD.39.2550}}

@article{Jones:1990rz,
	Author = {Jones, Lorella},
	Doi = {10.1103/PhysRevD.42.811},
	Journal = {Phys. Rev.},
	Pages = {811-814},
	Reportnumber = {ILL-TH-90-01},
	Slaccitation = {%%CITATION = PHRVA,D42,811;%%},
	Title = {{Towards a Systematic Jet Classification}},
	Volume = {D42},
	Year = {1990},
	Bdsk-Url-1 = {http://dx.doi.org/10.1103/PhysRevD.42.811}}

@article{Fodor:1989ir,
	Author = {Fodor, Z.},
	Doi = {10.1103/PhysRevD.41.1726},
	Journal = {Phys. Rev.},
	Pages = {1726},
	Reportnumber = {ITP-472-BUDAPEST},
	Slaccitation = {%%CITATION = PHRVA,D41,1726;%%},
	Title = {{How to See the Differences Between Quark and Gluon Jets}},
	Volume = {D41},
	Year = {1990},
	Bdsk-Url-1 = {http://dx.doi.org/10.1103/PhysRevD.41.1726}}

@article{Lonnblad:1990qp,
	Author = {L{\"o}nnblad, Leif and Peterson, Carsten and Rognvaldsson, Thorsteinn},
	Doi = {10.1016/0550-3213(91)90392-B},
	Journal = {Nucl. Phys.},
	Pages = {675-702},
	Reportnumber = {LU-TP-90-8},
	Slaccitation = {%%CITATION = NUPHA,B349,675;%%},
	Title = {{Using neural networks to identify jets}},
	Volume = {B349},
	Year = {1991},
	Bdsk-Url-1 = {http://dx.doi.org/10.1016/0550-3213(91)90392-B}}

@article{Csabai:1991ee,
	Author = {Csabai, I. and Czako, F. and Fodor, Z.},
	Doi = {10.1016/0550-3213(92)90354-E},
	Journal = {Nucl. Phys.},
	Pages = {288-308},
	Reportnumber = {CERN-TH-6038-91, ITP-483-BUDAPEST},
	Slaccitation = {%%CITATION = NUPHA,B374,288;%%},
	Title = {{Combined neural network QCD classifier for quark and gluon jet separation}},
	Volume = {B374},
	Year = {1992},
	Bdsk-Url-1 = {http://dx.doi.org/10.1016/0550-3213(92)90354-E}}

@article{Pumplin:1991kc,
	Author = {Pumplin, Jon},
	Doi = {10.1103/PhysRevD.44.2025},
	Journal = {Phys. Rev.},
	Pages = {2025-2032},
	Reportnumber = {MSUTH-91-03},
	Slaccitation = {%%CITATION = PHRVA,D44,2025;%%},
	Title = {{How to tell quark jets from gluon jets}},
	Volume = {D44},
	Year = {1991},
	Bdsk-Url-1 = {http://dx.doi.org/10.1103/PhysRevD.44.2025}}

@article{Gallicchio:2012ez,
	Archiveprefix = {arXiv},
	Author = {Gallicchio, Jason and Schwartz, Matthew D.},
	Doi = {10.1007/JHEP04(2013)090},
	Eprint = {1211.7038},
	Journal = {JHEP},
	Pages = {090},
	Primaryclass = {hep-ph},
	Slaccitation = {%%CITATION = ARXIV:1211.7038;%%},
	Title = {{Quark and Gluon Jet Substructure}},
	Volume = {04},
	Year = {2013},
	Bdsk-Url-1 = {http://dx.doi.org/10.1007/JHEP04(2013)090}}

@article{Larkoski:2014pca,
	Archiveprefix = {arXiv},
	Author = {Larkoski, Andrew J. and Thaler, Jesse and Waalewijn, Wouter J.},
	Doi = {10.1007/JHEP11(2014)129},
	Eprint = {1408.3122},
	Journal = {JHEP},
	Pages = {129},
	Primaryclass = {hep-ph},
	Reportnumber = {MIT--CTP-4572, NIKHEF-2014-026},
	Slaccitation = {%%CITATION = ARXIV:1408.3122;%%},
	Title = {{Gaining (Mutual) Information about Quark/Gluon Discrimination}},
	Volume = {11},
	Year = {2014},
	Bdsk-Url-1 = {http://dx.doi.org/10.1007/JHEP11(2014)129}}

@article{Bertolini:2013iqa,
	Archiveprefix = {arXiv},
	Author = {Bertolini, Daniele and Chan, Tucker and Thaler, Jesse},
	Doi = {10.1007/JHEP04(2014)013},
	Eprint = {1310.7584},
	Journal = {JHEP},
	Pages = {013},
	Primaryclass = {hep-ph},
	Reportnumber = {MIT-CTP-4502},
	Slaccitation = {%%CITATION = ARXIV:1310.7584;%%},
	Title = {{Jet Observables Without Jet Algorithms}},
	Volume = {1404},
	Year = {2014},
	Bdsk-Url-1 = {http://dx.doi.org/10.1007/JHEP04(2014)013}}

@article{Salam:WTAUnpublished,
	Author = {Salam, Gavin},
	Journal = {Unpublished},
	Slaccitation = {%%CITATION = ARXIV:1307.1699;%%},
	Title = {{$E_t^\infty$ Scheme}}}

@article{Larkoski:2014uqa,
	Archiveprefix = {arXiv},
	Author = {Larkoski, Andrew J. and Neill, Duff and Thaler, Jesse},
	Doi = {10.1007/JHEP04(2014)017},
	Eprint = {1401.2158},
	Journal = {JHEP},
	Pages = {017},
	Primaryclass = {hep-ph},
	Reportnumber = {MIT--CTP-4512},
	Slaccitation = {%%CITATION = ARXIV:1401.2158;%%},
	Title = {{Jet Shapes with the Broadening Axis}},
	Volume = {1404},
	Year = {2014},
	Bdsk-Url-1 = {http://dx.doi.org/10.1007/JHEP04(2014)017}}

@article{Berger:2003iw,
	Archiveprefix = {arXiv},
	Author = {Berger, Carola F. and Kucs, Tibor and Sterman, George F.},
	Doi = {10.1103/PhysRevD.68.014012},
	Eprint = {hep-ph/0303051},
	Journal = {Phys. Rev.},
	Pages = {014012},
	Primaryclass = {hep-ph},
	Reportnumber = {YITP-SB-03-06},
	Slaccitation = {%%CITATION = HEP-PH/0303051;%%},
	Title = {{Event shape / energy flow correlations}},
	Volume = {D68},
	Year = {2003},
	Bdsk-Url-1 = {http://dx.doi.org/10.1103/PhysRevD.68.014012}}

@article{Almeida:2008yp,
	Archiveprefix = {arXiv},
	Author = {Almeida, Leandro G. and Lee, Seung J. and Perez, Gilad and Sterman, George F. and Sung, Ilmo and others},
	Doi = {10.1103/PhysRevD.79.074017},
	Eprint = {0807.0234},
	Journal = {Phys. Rev.},
	Pages = {074017},
	Primaryclass = {hep-ph},
	Reportnumber = {YITP-SB-08-31},
	Slaccitation = {%%CITATION = ARXIV:0807.0234;%%},
	Title = {{Substructure of high-$p_T$ Jets at the LHC}},
	Volume = {D79},
	Year = {2009},
	Bdsk-Url-1 = {http://dx.doi.org/10.1103/PhysRevD.79.074017}}

@article{Ellis:2010rwa,
	Archiveprefix = {arXiv},
	Author = {Ellis, Stephen D. and Vermilion, Christopher K. and Walsh, Jonathan R. and Hornig, Andrew and Lee, Christopher},
	Doi = {10.1007/JHEP11(2010)101},
	Eprint = {1001.0014},
	Journal = {JHEP},
	Pages = {101},
	Primaryclass = {hep-ph},
	Slaccitation = {%%CITATION = ARXIV:1001.0014;%%},
	Title = {{Jet Shapes and Jet Algorithms in SCET}},
	Volume = {1011},
	Year = {2010},
	Bdsk-Url-1 = {http://dx.doi.org/10.1007/JHEP11(2010)101}}
